@misc{gplv3,
    author       = {Free Software Foundation},
    title        = {{GNU} {G}eneral {P}ublic {L}icense},
    version      = {3},
	howpublished = {\url{http://www.gnu.org/licenses/gpl.html}},
    shorthand    = {GPL}
}

@misc{role-personas,
	author = {Heidi Adkisson},
	title = {Creating Role-Based Personas for the Enterprise},
	year = {2019},
	howpublished = {\url{https://hpadkisson.medium.com/creating-role-based-personas-for-the-enterprise-6471e7060d82}}
}

@misc{agpl,
	author       = {Free Software Foundation}, 
	title        = {GNU Affero General Public License},
	howpublished = {\url{https://www.gnu.org/licenses/agpl-3.0.html}}
}

@Misc{hujj,
	author       = {Juan Julián Merelo Guervós},
	title        = {Calidad en una aplicación desde el diseño},
	publisher = {\url{https://jj.github.io/curso-tdd/temas/dise%C3%B1o.html}},
	year      = {2022}
}

@Misc{agiljj,
	author       = {Juan Julián Merelo Guervós},
	title        = {Desarrollo ágil},
	publisher = {\url{https://jj.github.io/curso-tdd/temas/%C3%A1gil.html}},
	year      = {2022}
}

@misc{beck2001agile,
  added-at = {2007-12-30T11:39:05.000+0100},
  author = {Beck, Kent and Beedle, Mike and van Bennekum, Arie and Cockburn, Alistair and Cunningham, Ward and Fowler, Martin and Grenning, James and Highsmith, Jim and Hunt, Andrew and Jeffries, Ron and Kern, Jon and Marick, Brian and Martin, Robert C. and Mellor, Steve and Schwaber, Ken and Sutherland, Jeff and Thomas, Dave},
  biburl = {https://www.bibsonomy.org/bibtex/28954248a545d88dd2c0e688d1c7e2f9d/juve},
  booktitle = {Manifesto for Agile Software Development},
  description = {Manifesto for Agile Software Development},
  interhash = {098cc7e185f10c3da390459a01e0d535},
  intrahash = {8954248a545d88dd2c0e688d1c7e2f9d},
  keywords = {imported},
  timestamp = {2007-12-30T11:39:05.000+0100},
  title = {Manifesto for Agile Software Development},
  url = {http://www.agilemanifesto.org/},
  year = {2001}
}

@misc{lis,
  key = {Ley del Impuesto sobe Sociedades},
  title = {Ley 27/2014, del Impuesto sobre Sociedades. «BOE» núm. 288, de 28 de noviembre},
  url = {https://www.boe.es/eli/es/l/2014/11/27/27/con},
  year = {2014},
  timestamp = {2014-11-28}
}

@misc{mp3patents,
	key = {Expiración de patentes MP3},
	author = {tunequest},
	title = {A Big List of MP3 Patents (and supposed expiration dates)},
	year = {2007},
	howpublished = {\url{https://www.tunequest.org/a-big-list-of-mp3-patents/20070226/}}
}

@INPROCEEDINGS{pYIN,
	author={Mauch, Matthias and Dixon, Simon},
	booktitle={2014 IEEE International Conference on Acoustics, Speech and Signal Processing (ICASSP)}, 
	title={{PYIN}: A fundamental frequency estimator using probabilistic threshold distributions}, 
	year={2014},
	pages={659-663},
	doi={10.1109/ICASSP.2014.6853678}
}

@INPROCEEDINGS{CREPE,  
	author={Kim, Jong Wook and Salamon, Justin and Li, Peter and Bello, Juan Pablo},  
	booktitle={2018 IEEE International Conference on Acoustics, Speech and Signal Processing (ICASSP)},   
	title={Crepe: A Convolutional Representation for Pitch Estimation},  
	year={2018}, 
	pages={161-165},  
	doi={10.1109/ICASSP.2018.8461329}
}

@ARTICLE{SPICE,  
	author={Gfeller, Beat and Frank, Christian and Roblek, Dominik and Sharifi, Matt and Tagliasacchi, Marco and Velimirović, Mihajlo},  journal={IEEE/ACM Transactions on Audio, Speech, and Language Processing},   
	title={{SPICE}: Self-Supervised Pitch Estimation},   
	year={2020},  
	volume={28},  
	pages={1118-1128},  
	doi={10.1109/TASLP.2020.2982285}
}

@article{Sub-Sync,
	title={{Sub-Sync: Automatic Synchronization of Subtitles in the Broadcasting of True Live programs in Spanish}},
	author={Israel Gonz{\'a}lez-Carrasco and Laura Medina de Puente and Bel{\'e}n Ru{\'i}z-Mezcua and Jos{\'e} Luis L{\'o}pez-Cuadrado},
	journal={IEEE Access},
	year={2019},
	volume={7},
	pages={60968-60983}
}

@article{Deep-Sync,
	title={{Deep-Sync: A novel deep learning-based tool for semantic-aware subtitling synchronisation}},
	author={Alejandro Mart{\'i}n and Israel Gonz{\'a}lez-Carrasco and V{\'i}ctor Rodr{\'i}guez-Fern{\'a}ndez and M{\'o}nica Souto-Rico and David Camacho and Bel{\'e}n Ru{\'i}z-Mezcua},
	journal={Neural Computing and Applications},
	year={2021},
	pages={1-15}
}

@misc{harmof0,
	doi = {10.48550/ARXIV.2205.01019},
	
	url = {https://arxiv.org/abs/2205.01019},
	
	author = {Wei, Weixing and Li, Peilin and Yu, Yi and Li, Wei},
	
	keywords = {Sound (cs.SD), Artificial Intelligence (cs.AI), Audio and Speech Processing (eess.AS), FOS: Computer and information sciences, FOS: Computer and information sciences, FOS: Electrical engineering, electronic engineering, information engineering, FOS: Electrical engineering, electronic engineering, information engineering},
	
	title = {{HarmoF0: Logarithmic Scale Dilated Convolution For Pitch Estimation}},
	
	publisher = {arXiv},
	
	year = {2022},
	
	copyright = {arXiv.org perpetual, non-exclusive license}
}

@misc{rfc3629,
	series =    {Request for Comments},
	number =    3629,
	howpublished =  {RFC 3629},
	publisher = {RFC Editor},
	doi =       {10.17487/RFC3629},
	url =       {https://www.rfc-editor.org/info/rfc3629},
	author =    {François Yergeau},
	title =     {{UTF-8, a transformation format of ISO 10646}},
	pagetotal = 14,
	year =      2003,
	month =     nov,
	abstract =  {ISO/IEC 10646-1 defines a large character set called the Universal Character Set (UCS) which encompasses most of the world's writing systems. The originally proposed encodings of the UCS, however, were not compatible with many current applications and protocols, and this has led to the development of UTF-8, the object of this memo. UTF-8 has the characteristic of preserving the full US-ASCII range, providing compatibility with file systems, parsers and other software that rely on US-ASCII values but are transparent to other values. This memo obsoletes and replaces RFC 2279.},
}

@techreport{pep8,
	author  = {Guido van Rossum and Barry Warsaw and Nick Coghlan},
	title   = {Style Guide for {Python} Code},
	year    = {2001},
	type    = {PEP},
	number  = {8},
	url     = {https://www.python.org/dev/peps/pep-0008/},
}

@techreport{pep517,
	author  = {Nathaniel J. Smith and Thomas Kluyver},
	title   = {A build-system independent format for source trees},
	year    = {2015},
	type    = {PEP},
	number  = {517},
	url     = {https://peps.python.org/pep-0517/},
}

@techreport{pep518,
	author  = {Brett Cannon and Nathaniel Smith and Donald Stufft},
	title   = {Specifying Minimum Build System Requirements for {Python} Projects},
	year    = {2016},
	type    = {PEP},
	number  = {518},
	url     = {https://peps.python.org/pep-0518/},
}